<record><leader>00000cas a2200000 a 4500</leader><controlfield tag="001">10593898</controlfield><controlfield tag="008">840404d18741902fluwr ne      0    0eng c</controlfield><datafield ind1=" " ind2=" " tag="010"><subfield code="a">sn 84022779 </subfield></datafield><datafield ind1=" " ind2=" " tag="040"><subfield code="a">NPX</subfield><subfield code="b">eng</subfield><subfield code="c">NPX</subfield><subfield code="d">FUG</subfield><subfield code="d">OCLCQ</subfield><subfield code="d">OCLCF</subfield><subfield code="d">OCLCO</subfield></datafield><datafield ind1=" " ind2=" " tag="042"><subfield code="a">pcc</subfield></datafield><datafield ind1=" " ind2=" " tag="043"><subfield code="a">n-us-fl</subfield></datafield><datafield ind1="0" ind2=" " tag="130"><subfield code="a">Weekly constitution (Monticello, Fla.)</subfield></datafield><datafield ind1="1" ind2="4" tag="245"><subfield code="a">The weekly constitution.</subfield></datafield><datafield ind1=" " ind2=" " tag="260"><subfield code="a">Monticello, Fla. :</subfield><subfield code="b">[F.R. Fildes &amp; Son]</subfield></datafield><datafield ind1=" " ind2=" " tag="300"><subfield code="a">v.</subfield></datafield><datafield ind1=" " ind2=" " tag="310"><subfield code="a">Weekly</subfield></datafield><datafield ind1="1" ind2=" " tag="362"><subfield code="a">Began in 1874; ceased in 1902?</subfield><subfield code="z">Cf. Gregory, W. Amer. newspapers, 1937.</subfield></datafield><datafield ind1=" " ind2=" " tag="500"><subfield code="a">Editors: F.R. Fildes, &lt;1874&gt;; F.R. &amp; F.C. Fildes, &lt;1875&gt;; F.R. Fildes &amp; Son, &lt;1876&gt;.</subfield></datafield><datafield ind1=" " ind2=" " tag="500"><subfield code="a">Publishers: F.R. Fildes, &lt;1874&gt;; F.R. &amp; F.C. Fildes, &lt;1875-1876&gt;; F.R. Fildes &amp; Son, &lt;1876&gt;.</subfield></datafield><datafield ind1=" " ind2=" " tag="500"><subfield code="a">Publisher's name recorded in Rowell, 1877.</subfield></datafield><datafield ind1=" " ind2=" " tag="500"><subfield code="a">"Democratic."</subfield></datafield><datafield ind1=" " ind2=" " tag="588"><subfield code="a">Description based on: Aug. 10, 1876.</subfield></datafield><datafield ind1=" " ind2="0" tag="651"><subfield code="a">Monticello (Fla.)</subfield><subfield code="v">Newspapers.</subfield></datafield><datafield ind1=" " ind2="0" tag="651"><subfield code="a">Jefferson County (Fla.)</subfield><subfield code="v">Newspapers.</subfield></datafield><datafield ind1=" " ind2="7" tag="655"><subfield code="a">Newspapers.</subfield><subfield code="2">fast</subfield><subfield code="0">(OCoLC)fst01423814</subfield></datafield><datafield ind1=" " ind2="7" tag="651"><subfield code="a">Florida</subfield><subfield code="z">Jefferson County.</subfield><subfield code="2">fast</subfield><subfield code="0">(OCoLC)fst01220705</subfield></datafield><datafield ind1=" " ind2="7" tag="651"><subfield code="a">Florida</subfield><subfield code="z">Monticello.</subfield><subfield code="2">fast</subfield><subfield code="0">(OCoLC)fst01238185</subfield></datafield><datafield ind1=" " ind2=" " tag="752"><subfield code="a">United States</subfield><subfield code="b">Florida</subfield><subfield code="c">Jefferson</subfield><subfield code="d">Monticello.</subfield></datafield><datafield ind1="0" ind2="0" tag="785"><subfield code="t">Monticello news (Monticello, Fla.)</subfield><subfield code="x">0746-5297</subfield><subfield code="w">(DLC)sn 83003210</subfield><subfield code="w">(OCoLC)10124570</subfield></datafield></record>